<record><leader>00000cas a22000007a 4500</leader><controlfield tag="001">13415866</controlfield><controlfield tag="008">860410d191u191umtudn ne      0    0eng d</controlfield><datafield ind1=" " ind2=" " tag="010"><subfield code="a">sn 86075120 </subfield></datafield><datafield ind1=" " ind2=" " tag="040"><subfield code="a">MTL</subfield><subfield code="b">eng</subfield><subfield code="c">MTL</subfield><subfield code="d">OCLCQ</subfield></datafield><datafield ind1=" " ind2=" " tag="042"><subfield code="a">msc</subfield></datafield><datafield ind1="0" ind2=" " tag="130"><subfield code="a">Evening courier (Bozeman, Mont.)</subfield></datafield><datafield ind1="1" ind2="0" tag="245"><subfield code="a">Evening courier.</subfield></datafield><datafield ind1=" " ind2=" " tag="260"><subfield code="a">Bozeman, Mont. :</subfield><subfield code="b">Republican-Courier Co.</subfield></datafield><datafield ind1=" " ind2=" " tag="300"><subfield code="a">v. :</subfield><subfield code="b">ill. ;</subfield><subfield code="c">55 cm.</subfield></datafield><datafield ind1=" " ind2=" " tag="310"><subfield code="a">Daily (except Sun.)</subfield></datafield><datafield ind1=" " ind2=" " tag="588"><subfield code="a">Description based on: Vol. 1, no. 20 (Dec. 27, 1911).</subfield></datafield><datafield ind1=" " ind2=" " tag="752"><subfield code="a">United States</subfield><subfield code="b">Montana</subfield><subfield code="c">Gallatin</subfield><subfield code="d">Bozeman.</subfield></datafield><datafield ind1="1" ind2=" " tag="029"><subfield code="a">AU@</subfield><subfield code="b">000025802068</subfield></datafield></record>